
@article{principalflow,
    author = "Panaretos, V. M., Pham, T., and Yao, Z.",
    title = "Principal Flows",
    journal = "Journal of the American Statistical Association",
    volume = "109",
    number = "505",
    pages = "424--436",
    year = "2014",
}
@article{lle,
    author = "Roweis, S. T., and Saul, L. K.",
    title = "Think Globally, Fit Locally: Supervised Learning of Low Dimensional Manifolds",
    journal = "Journal of Machine Learning Research",
    volume = "4",
    pages = "119â€“-155",
    year = "2003",
}
@article{pga,
    author = "Fletcher, P. T., Lu, C., Pizer, S. M., and Joshi, S.",
    title = "Principal Geodesic Analysis for the Study of Nonlinear Statistics of Shape",
    journal = "IEEE Transactions on Medical Imaging",
    volume = "23",
    pages = "995--1005",
    year = "2004",
}

@article{isomap,
    author = "Tenenbaum, J. B., Silva, V. D., and Langford, J. C.",
    title = "A Global Geometric Framework for Nonlinear Dimensionality Reduction",
    journal = "Science",
    volume = "290",
    pages = "2319--2323",
    year = "2000",
}
@article{principalboundary,
    author = "Tenenbaum, J. B., Silva, V. D., and Langford, J. C.",
    title = "A Global Geometric Framework for Nonlinear Dimensionality Reduction",
    journal = "Science",
    volume = "290",
    pages = "2319--2323",
    year = "2000",
}

@book{mds,
    title = {Modern Multidimensional Scaling Theory and Applications},
    author = {Borg, I., and Groenen, P. J. F.},
    series = {Springer Series in Statistics},
    year = {2005},
    publisher = {Springer},
    keywords = {statistics},
}

@online{tanspace1,
    author = "Alexwright",
    title = "Tangent Plane",
    url  = "https://en.wikipedia.org/wiki/Tangent_space#/media/File:Image_Tangent-plane.svg",
    addendum = "(accessed: 01.03.2021)",
}
@online{tanspace2,
    author = "Conrad Sanderson",
    title = "Conceptual illustration of the tangent space at point P on a Riemannian manifold",
    url  = "https://www.researchgate.net/figure/Conceptual-illustration-of-the-tangent-space-at-point-P-on-a-Riemannian-manifold-M_fig2_262974373",
    addendum = "(accessed: 01.03.2021)",
}


@inbook{knuth-fa,
    author = "Donald E. Knuth",
    title = "Fundamental Algorithms",
    publisher = "Addison-Wesley",
    year = "1973",
    chapter = "1.2",
    keywords  = "knuth,programming",
}